@online{HGP-Eberle,
    author = "HGP-Eberle",
    title = "Cloud Alarmierungssystem für mit App und Alarm-Box für Maschinen",
    url  = "http://www.hgp-eberle.de/Alarm_App/Alarm_Maschinenausfall/alarm_maschinenausfall.html",
    addendum = "(accessed: 03.06.2023)",
    
}

@online{Ixon-Cloud,
    author = "Ixon",
    title = "Beheben Sie Stillstände schneller mit zuverlässigen Alarmmeldungen bei Maschinenausfällen",
    url  = "https://www.ixon.cloud/de/anwendungen/alarm-management",
    addendum = "(accessed: 03.06.2023)"
}

@online{Workerbase,
    author = "Workerbase",
    title = "Maschinenalarm",
    url  = "https://de.workerbase.com/manufacturing-apps/machine-alarms",
    addendum = "(accessed: 03.06.2023)"
}

@online{Mobeye,
    author = "mobeye",
    title = "Leistungsstarker Stromausfallmelder: Überwacht das Vorhandensein von Fremdspannung und den Status von Sensoren",
    url  = "https://www.mobeye.com/de/products/cm4100-mobeye-powerguard",
    addendum = "(accessed: 03.06.2023)"
}

@online{safeREACH,
    author = "safeREACH",
    title = "Behalten Sie immer die Kontrolle 
– egal was passiert !",
    url  = "https://safereach.com/de/",
    addendum = "(accessed: 03.06.2023)"
}

@online{vedosign,
    author = "VeDoSign",
    title = "Kritische Alarme schützen Ihr Unternehmen",
    url  = "https://www.vedosign.de/notfallreaktion-kritischer-alarm/",
    addendum = "(accessed: 03.06.2023)"
}

@online{everbridge,
    author = "everbridge",
    title = "Mass Notification with incident communications",
    url  = "https://www.everbridge.com/products/mass-notification-and-incident-communications/",
    addendum = "(accessed: 03.06.2023)"
}

@online{totmann,
    author = "Totmann",
    title = "Totmannschalter zur Überwachung von Einzelarbeitsplätzen mit erhöhter oder kritischer Gefährdung.",
    url  = "https://totmann-schalter.de/?gclid=CjwKCAjwx_eiBhBGEiwA15gLN-7pkwuJAQJJHo4Me36XO3Ds8m70dp965-o78bLLm8IoZzDSokDvOBoCykQQAvD_BwE",
    addendum = "(accessed: 03.06.2023)"
}

@online{Gisbo,
    author = "Gisbo",
    title = "Stiller Alarm von Gisbo",
    url  = "https://www.gisbo.de/stiller-alarm/",
    addendum = "(accessed: 03.06.2023)"
}

@online{WEKA,
    author = "WEKA",
    title = "Elektroakustische Notfallwarnsysteme (ENS) nach DIN EN 50849",
    url = "https://weka.de/elektrosicherheit/elektroakustische-notfallwarnsysteme-ens",
    addendum = "(accessed: 03.06.2023)"
}

@online{ISA_Telematics,
    author = "ISA Telematics",
    title = "Professioneller Alleinarbeiterschutz.",
    url = "https://www.isatelematics.de/?gclid=CjwKCAjwx_eiBhBGEiwA15gLNyM1j7cRJel6Jj-z4ny-h-mWIGX9rrq4fPGv0lwvaHX-eppW35CzDRoCV9gQAvD_BwE",
    addendum = "(accessed: 03.06.2023)"
}

@online{VIDEC,
    author = "VIDEC",
    title = "Alarmeskalation mit dem intelligenten Alarmierungssystem",
    url = "https://videc.de/produkte/aip-alarmierungssystem-meldesystem/",
    addendum = "(accessed: 03.06.2023)"
}

@book{strat_KrisenMGMT,
  author = {BBK, Bundesamt für Bevölkerungsschutz und Katastrophenhilfe},
  year = {2011},
  title = {Leitfaden für strategische Krisenmanagement-Übungen},
  publisher = {BBK},
  address = {Bonn},
  url = "https://docplayer.org/19267820-Leitfaden-fuer-strategische-krisenmanagement-uebungen.html",
  addendum = "(accessed: 14.05.2023)"
}

@book{strat_KrisenMGMT,
  author = {BBK, Bundesamt für Bevölkerungsschutz und Katastrophenhilfe},
  year = {2011},
  title = {Leitfaden für strategische Krisenmanagement-Übungen},
  publisher = {BBK},
  address = {Bonn},
  url = "https://docplayer.org/19267820-Leitfaden-fuer-strategische-krisenmanagement-uebungen.html",
  addendum = "(accessed: 14.05.2023)"
}

@book{Behelf_Einsatzübungen,
  author = {BABS, Bundesamt für Bevölkerungsschutz Ausbildung},
  year = {2011},
  title = {Behelf für Anlegen und Durchführen von Einsatzübungen},
  publisher = {Schweizerische Eidgenossenschaft},
  address = {Bern},
  url = "https://www.zh.ch/content/dam/zhweb/bilder-dokumente/themen/sicherheit-justiz/zivilschutz/ausbildungsunterlagen/führung/Anlegen_und_Durchfuehren_von_Einsatzuebungen.pdf",
  addendum = "(accessed: 16.05.2023)"
}

@book{MANV-Übungen,
  author = "DRK, Deutsches Rotes Kreuz",
  year = {2016},
  publisher = {Deutsches Rotes Kreuz e.V.},
  title = {Durchführung und Auswertung von MANV-Übungen},
  address = {Berlin},
  url = "https://www.drk.de/fileadmin/user_upload/Forschung/schriftenreihe/Band_3/Schriften_der_Forschung_3._Wissenschaftliche_Erkenntnisse_und_Best_Practices_.pdf",
  addendum = "(accessed: 16.05.2023)"
}

@book{Feuerweh-Unfallkasse,
  author = "Feuerwehr-Unfallkasse Brandenburg and Feuerwehr-Unfallkasse Niedersachsen",
  year = {2016},
  title = {Sicherer Übungs- und Schulungsdiens},
  publisher = {Die Arbeitsgemeinschaft der Feuerwehr-Unfallkassen},
  address = {Berlin},
  url = "https://www.hfuknord.de/hfuk-wAssets/docs/service-und-downloads/download-praevention/Medienpakete/Sicherer-Uebungs-und-Schulungsdienst/Begleitheft-Sicherer-Uebungs-und-Schulungsdienst.pdf",
  addendum = "(accessed: 18.05.2023)"
}

}

@misc{Feuerweh-Übungspräsentation,
  author = {Ing. Reinhard Amann},
  title = {Planung und Durchführung von Übungen},
  url = "https://feuerwehr-ittlingen.de/documents/uebungsplanung.pdf",
  addendum = "(accessed: 16.05.2023)"
}

@misc{DVR,
  author = {DVR, Deutscher Verkehrssicherheitsrat},
  title = {Sicherheitstrainings und Sicherheitsprogramme},
  url = "https://www.dvr.de/praevention/trainings",
  addendum = "(accessed: 17.05.2023)"
}

% [1]
@article{DDE_of_VR,
  author  = "Mystakidis, S. and Besharat, J. and Papantzikos, G. and Christopoulos, A. and Stylios, C. and Agorgianitis, S. and Tselentis, D",
  title   = "Design, Development, and Evaluation of a Virtual Reality Serious Game for School Fire Preparedness Training",
  journal = "Education Sciences",
  year    = "2022",
  volume  = "12",
  number  = "4",
  pages   = "281",
  url = "https://www.mdpi.com/2227-7102/12/4/281"
}

% [2]
@article{Design_of_VR-training,
  author  = "Matsas, E. and Vosniakos, G.",
  title   = "Design of a virtual reality training system for human–robot collaboration in manufacturing tasks.",
  url = "https://www.researchgate.net/publication/271837242_Design_of_a_virtual_reality_training_s",
  addendum = "(accessed: 18.05.2023)"
}

% [3]
@article{VRandAR,
  author  = "Zhu, Y. and Li, N.",
  title   = "Virtual and Augmented Reality Technologies for Emergency Management in the Built Environments: A State-of-the-Art Review",
  journal = "Journal of Safety Science and Resilience",
  year    = "2021",
  volume  = "2",
  url = "https://doi.org/10.1016/j.jnlssr.2020.11.004",
}

% [4]
@article{Mascienenausf_entdecken,
  author  = " Weidle, D.",
  title   = "Maschinenausfälle entdecken bevor sie auftreten",
  year    = "2023",
  volume  = "26",
  number  = "5",
  pages   = "26-27",
  url = "https://doi.org/10.1002/citp.202300515"
}

% [5]
@article{Develop_and_Asses_AR,
  AUTHOR = {Shyr, Wen-Jye and Tsai, Chi-Jui and Lin, Chia-Ming and Liau, Hung-Ming},
  title   = "Development and Assessment of Augmented Reality Technology for Using in an Equipment Maintenance and Diagnostic System",
  journal = "Sustainability",
  year    = "2022",
  volume  = "14",
  number  = "19",
  pages   = "12154",
  url = "https://doi.org/10.3390/su141912154."
}

% [6]
@article{RealTime_review,
  author  = " Yan, W., Wang, J., Lu, S., Zhou, M. and Peng, X",
  title   = "A Review of Real-Time Fault Diagnosis Methods for Industrial Smart Manufacturing",
  year    = "2023",
  volume  = "11",
  number  = "2",
  pages   = "369-369",
  url = "https://doi.org/10.3390/pr11020369"
}

% [7]
@book{reinheimer,
  title={Industrie 4.0},
  author={Reinheimer, Stefan},
  year={2015},
  publisher={Springer}
}


